<record><leader>00000cas a2200000 a 4500</leader><controlfield tag="001">31145249</controlfield><controlfield tag="008">940920c19899999iluwr ne      0    0eng c</controlfield><datafield ind1=" " ind2=" " tag="010"><subfield code="a">sn 94060606 </subfield></datafield><datafield ind1=" " ind2=" " tag="040"><subfield code="a">NVF</subfield><subfield code="b">eng</subfield><subfield code="c">NVF</subfield><subfield code="d">CVF</subfield><subfield code="d">NVF</subfield><subfield code="d">OCLCQ</subfield><subfield code="d">OCLCF</subfield><subfield code="d">OCLCO</subfield></datafield><datafield ind1="1" ind2=" " tag="029"><subfield code="a">AU@</subfield><subfield code="b">000011276969</subfield></datafield><datafield ind1=" " ind2=" " tag="042"><subfield code="a">pcc</subfield></datafield><datafield ind1=" " ind2=" " tag="043"><subfield code="a">n-us-il</subfield></datafield><datafield ind1="0" ind2="0" tag="245"><subfield code="a">Westmont progress.</subfield></datafield><datafield ind1=" " ind2=" " tag="260"><subfield code="a">Downers Grove, Ill. :</subfield><subfield code="b">Reporter/Progress Newspapers,</subfield><subfield code="c">1989-</subfield></datafield><datafield ind1=" " ind2=" " tag="300"><subfield code="a">v.</subfield></datafield><datafield ind1=" " ind2=" " tag="310"><subfield code="a">Weekly</subfield></datafield><datafield ind1="0" ind2=" " tag="362"><subfield code="a">29th year, no. 28 (Sept. 14, 1989)-</subfield></datafield><datafield ind1=" " ind2=" " tag="588"><subfield code="a">Latest issue consulted: 41st year, no. 20 (July 27, 2000).</subfield></datafield><datafield ind1=" " ind2="0" tag="651"><subfield code="a">Westmont (Ill.)</subfield><subfield code="v">Newspapers.</subfield></datafield><datafield ind1=" " ind2="7" tag="655"><subfield code="a">Newspapers.</subfield><subfield code="2">fast</subfield><subfield code="0">(OCoLC)fst01423814</subfield></datafield><datafield ind1=" " ind2="7" tag="651"><subfield code="a">Illinois</subfield><subfield code="z">Westmont.</subfield><subfield code="2">fast</subfield><subfield code="0">(OCoLC)fst01226867</subfield></datafield><datafield ind1=" " ind2=" " tag="752"><subfield code="a">United States</subfield><subfield code="b">Illinois</subfield><subfield code="c">DuPage</subfield><subfield code="d">Downers Grove.</subfield></datafield><datafield ind1="0" ind2="0" tag="780"><subfield code="t">Westmont DuPage progress</subfield><subfield code="w">(DLC)sn 94060605</subfield><subfield code="w">(OCoLC)31145196</subfield></datafield></record>